@article{hindersah2022rice,
  title={Rice yield grown in different fertilizer combination and planting methods: Case study in Buru Island, Indonesia},
  author={Hindersah, Reginawanti and Kalay, Agusthinus Marthin and Talahaturuson, Abraham},
  journal={Open Agriculture},
  volume={7},
  number={1},
  pages={871--881},
  year={2022},
  publisher={De Gruyter}
}

@article{zhu2020spectral,
  title={Spectral reflectance characteristics and chlorophyll content estimation model of Quercus aquifolioides leaves at different altitudes in Sejila Mountain},
  author={Zhu, Jiyou and He, Weijun and Yao, Jiangming and Yu, Qiang and Xu, Chengyang and Huang, Huaguo and Mhae B. Jandug, Catherine},
  journal={Applied Sciences},
  volume={10},
  number={10},
  pages={3636},
  year={2020},
  publisher={MDPI}
}

@article{behmann2015review,
  title={A review of advanced machine learning methods for the detection of biotic stress in precision crop protection},
  author={Behmann, Jan and Mahlein, Anne-Katrin and Rumpf, Till and R{\"o}mer, Christoph and Pl{\"u}mer, Lutz},
  journal={Precision agriculture},
  volume={16},
  pages={239--260},
  year={2015},
  publisher={Springer}
}

@article{van2014gaussian,
  title={Gaussian processes retrieval of leaf parameters from a multi-species reflectance, absorbance and fluorescence dataset},
  author={Van Wittenberghe, Shari and Verrelst, Jochem and Rivera, Juan Pablo and Alonso, Luis and Moreno, Jos{\'e} and Samson, Roeland},
  journal={Journal of Photochemistry and Photobiology B: Biology},
  volume={134},
  pages={37--48},
  year={2014},
  publisher={Elsevier}
}

@article{panda2010application,
  title={Application of vegetation indices for agricultural crop yield prediction using neural network techniques},
  author={Panda, Sudhanshu Sekhar and Ames, Daniel P and Panigrahi, Suranjan},
  journal={Remote sensing},
  volume={2},
  number={3},
  pages={673--696},
  year={2010},
  publisher={Molecular Diversity Preservation International}
}

@article{yu2018development,
  title={Development of a partial least squares-artificial neural network (PLS-ANN) hybrid model for the prediction of consumer liking scores of ready-to-drink green tea beverages},
  author={Yu, Peigen and Low, Mei Yin and Zhou, Weibiao},
  journal={Food Research International},
  volume={103},
  pages={68--75},
  year={2018},
  publisher={Elsevier}
}

@misc{chlorophyll,
  author       = { T. Editors of Encyclopaedia},
  howpublished = {Encyclopedia Britannica},
  title        = {chlorophyll},
  year         = {2024}
}

@misc{pca,
  author       = {Kumar, Ajitesh},
  howpublished = {Analytics Yogi},
  title        = {PCA Explained Variance Concepts with Python Example},
  year         = {2023}
}

@misc{optuna,
  author       = {Chakrabarti, Sion},
  howpublished = {Analytics Vidhya},
  title        = {Optimize your optimizations using Optuna},
  year         = {2021}
}

@misc{ridge,
  author       = {Ashok, Prashanth. n.d.},
  howpublished = {Great Learning},
  title        = {Ridge Regression Definition & Examples | What is Ridge Regression?},
  year         = {2023}
}


@misc{DecisionTree,
  howpublished = {Javatpoint. Accessed},
  title        = {Decision Tree Algorithm in Machine Learning},
  year         = {2023}
}


@misc{randForest,
  howpublished = {TIBCO Software. Accessed},
  title        = {What is a Random Forest?},
  year         = {2023}
}